<record><leader>00000cas a22000007a 4500</leader><controlfield tag="001">12484194</controlfield><controlfield tag="008">850903d18641876mouwr ne      0    0eng d</controlfield><datafield ind1=" " ind2=" " tag="010"><subfield code="a">sn 85034130 </subfield></datafield><datafield ind1=" " ind2=" " tag="040"><subfield code="a">NPU</subfield><subfield code="b">eng</subfield><subfield code="c">NPU</subfield><subfield code="d">NPT</subfield><subfield code="d">NPX</subfield><subfield code="d">MQN</subfield><subfield code="d">MGN</subfield><subfield code="d">OCLCQ</subfield></datafield><datafield ind1=" " ind2=" " tag="042"><subfield code="a">msc</subfield></datafield><datafield ind1="0" ind2=" " tag="130"><subfield code="a">Missouri weekly patriot (Springfield, Mo.)</subfield></datafield><datafield ind1="1" ind2="4" tag="245"><subfield code="a">The Missouri weekly patriot.</subfield></datafield><datafield ind1="1" ind2="3" tag="246"><subfield code="a">Missouri patriot</subfield></datafield><datafield ind1=" " ind2=" " tag="260"><subfield code="a">Springfield, Mo. :</subfield><subfield code="b">Ingram &amp; Teed</subfield></datafield><datafield ind1=" " ind2=" " tag="300"><subfield code="a">v. ;</subfield><subfield code="c">72 cm.</subfield></datafield><datafield ind1=" " ind2=" " tag="310"><subfield code="a">Weekly</subfield></datafield><datafield ind1="1" ind2=" " tag="362"><subfield code="a">Began in 1864; ceased in 1876.</subfield></datafield><datafield ind1=" " ind2=" " tag="580"><subfield code="a">Other eds.: Missouri daily patriot, Sept. 11-Dec. 11, 1866; Tri-weekly patriot, Dec. 13, 1866-July 23, 1867; Semi-weekly patriot, July 26-&lt;Sept. 13, 1867&gt;.</subfield></datafield><datafield ind1=" " ind2=" " tag="588"><subfield code="a">Description based on: Vol. 1, no. 36 (June 8, 1865).</subfield></datafield><datafield ind1=" " ind2=" " tag="752"><subfield code="a">United States</subfield><subfield code="b">Missouri</subfield><subfield code="c">Greene</subfield><subfield code="d">Springfield.</subfield></datafield><datafield ind1="1" ind2=" " tag="775"><subfield code="t">Missouri daily patriot</subfield><subfield code="w">(DLC)sn 90061652</subfield></datafield><datafield ind1="1" ind2=" " tag="775"><subfield code="t">Tri-weekly patriot</subfield><subfield code="w">(DLC)sn 90061653</subfield></datafield><datafield ind1="1" ind2=" " tag="775"><subfield code="t">Semi-weekly patriot</subfield><subfield code="w">(DLC)sn 90061654</subfield></datafield><datafield ind1="0" ind2="0" tag="780"><subfield code="t">Semi-weekly Missourian</subfield><subfield code="w">(DLC)sn 90061651</subfield></datafield><datafield ind1="0" ind2="7" tag="785"><subfield code="t">Springfield weekly advertiser (Springfield, Mo.)</subfield><subfield code="w">(DLC)sn 85034118</subfield></datafield><datafield ind1="0" ind2="7" tag="785"><subfield code="t">Springfield patriot-advertiser</subfield><subfield code="w">(DLC)sn 90061655</subfield></datafield></record>